<record><leader>00000cas a2200000 a 4500</leader><controlfield tag="001">12600628</controlfield><controlfield tag="008">850925d19521960ksudr ne      0    0eng d</controlfield><datafield ind1=" " ind2=" " tag="010"><subfield code="a">sn 85032570 </subfield></datafield><datafield ind1=" " ind2=" " tag="040"><subfield code="a">KSH</subfield><subfield code="b">eng</subfield><subfield code="c">KSH</subfield><subfield code="d">NPT</subfield><subfield code="d">OCL</subfield><subfield code="d">OCLCQ</subfield></datafield><datafield ind1=" " ind2=" " tag="042"><subfield code="a">msc</subfield></datafield><datafield ind1="0" ind2="0" tag="245"><subfield code="a">Evening eagle.</subfield></datafield><datafield ind1=" " ind2=" " tag="260"><subfield code="a">Wichita, Kan. :</subfield><subfield code="b">Marcellus M. Murdock,</subfield><subfield code="c">1952-1960.</subfield></datafield><datafield ind1=" " ind2=" " tag="300"><subfield code="a">10 v. :</subfield><subfield code="b">ill. ;</subfield><subfield code="c">58 cm.</subfield></datafield><datafield ind1=" " ind2=" " tag="310"><subfield code="a">Daily (except Sunday)</subfield></datafield><datafield ind1="0" ind2=" " tag="362"><subfield code="a">Vol. 26, no. 51 (Feb. 28, 1952)-v. 34, no. 231 (Sept. 24, 1960).</subfield></datafield><datafield ind1=" " ind2=" " tag="752"><subfield code="a">United States</subfield><subfield code="b">Kansas</subfield><subfield code="c">Sedgwick</subfield><subfield code="d">Wichita.</subfield></datafield><datafield ind1="0" ind2="0" tag="780"><subfield code="t">Wichita evening eagle</subfield><subfield code="w">(DLC)sn 85032565</subfield></datafield><datafield ind1="0" ind2="7" tag="785"><subfield code="t">Wichita beacon (Wichita, Kan. : 1910)</subfield><subfield code="w">(DLC)sn 85032558</subfield></datafield><datafield ind1="0" ind2="7" tag="785"><subfield code="t">Evening eagle and beacon</subfield><subfield code="w">(DLC)sn 85032571</subfield></datafield><datafield ind1="1" ind2=" " tag="029"><subfield code="a">AU@</subfield><subfield code="b">000022166228</subfield></datafield></record>